<record><leader>00000cas a2200000 a 4500</leader><controlfield tag="001">9715201</controlfield><controlfield tag="008">830719d18881926nyudr ne      0    0eng c</controlfield><datafield ind1=" " ind2=" " tag="010"><subfield code="a">sn 83030933 </subfield></datafield><datafield ind1=" " ind2=" " tag="040"><subfield code="a">NPU</subfield><subfield code="b">eng</subfield><subfield code="c">NPU</subfield><subfield code="d">NPX</subfield><subfield code="d">NPY</subfield><subfield code="d">NYG</subfield><subfield code="d">NYS</subfield><subfield code="d">OCL</subfield><subfield code="d">NYS</subfield><subfield code="d">NPH</subfield><subfield code="d">MQN</subfield><subfield code="d">NYS</subfield><subfield code="d">CRL</subfield><subfield code="d">DLC</subfield><subfield code="d">OCLCQ</subfield><subfield code="d">NYS</subfield><subfield code="d">OCLCQ</subfield><subfield code="d">OCLCF</subfield><subfield code="d">OCLCO</subfield></datafield><datafield ind1=" " ind2=" " tag="019"><subfield code="a">11082190</subfield></datafield><datafield ind1="1" ind2=" " tag="029"><subfield code="a">AU@</subfield><subfield code="b">000020375030</subfield></datafield><datafield ind1=" " ind2=" " tag="042"><subfield code="a">pcc</subfield></datafield><datafield ind1=" " ind2=" " tag="043"><subfield code="a">n-us-ny</subfield></datafield><datafield ind1="0" ind2="0" tag="050"><subfield code="a">Newspaper</subfield></datafield><datafield ind1="0" ind2=" " tag="130"><subfield code="a">Buffalo courier (Buffalo, N.Y. : 1888)</subfield></datafield><datafield ind1="1" ind2="0" tag="245"><subfield code="a">Buffalo courier.</subfield></datafield><datafield ind1="1" ind2="3" tag="246"><subfield code="a">Buffalo courier-record</subfield></datafield><datafield ind1=" " ind2=" " tag="260"><subfield code="a">Buffalo, N.Y. :</subfield><subfield code="b">Courier Co.,</subfield><subfield code="c">1888-1926.</subfield></datafield><datafield ind1=" " ind2=" " tag="300"><subfield code="a">v. :</subfield><subfield code="b">ill. ;</subfield><subfield code="c">60 cm.</subfield></datafield><datafield ind1=" " ind2=" " tag="310"><subfield code="a">Daily</subfield></datafield><datafield ind1="0" ind2=" " tag="362"><subfield code="a">Vol. 53, no. 183 (July 1, 1888)-v. 91, no. 162 (June 13, 1926).</subfield></datafield><datafield ind1=" " ind2=" " tag="500"><subfield code="a">Published as: Buffalo courier-record, May 10, 1897-Dec. 31, 1897.</subfield></datafield><datafield ind1=" " ind2="0" tag="651"><subfield code="a">Buffalo (N.Y.)</subfield><subfield code="v">Newspapers.</subfield></datafield><datafield ind1=" " ind2="0" tag="651"><subfield code="a">Erie County (N.Y.)</subfield><subfield code="v">Newspapers.</subfield></datafield><datafield ind1=" " ind2="7" tag="655"><subfield code="a">Newspapers.</subfield><subfield code="2">fast</subfield><subfield code="0">(OCoLC)fst01423814</subfield></datafield><datafield ind1=" " ind2="7" tag="651"><subfield code="a">New York (State)</subfield><subfield code="z">Buffalo.</subfield><subfield code="2">fast</subfield><subfield code="0">(OCoLC)fst01205730</subfield></datafield><datafield ind1=" " ind2="7" tag="651"><subfield code="a">New York (State)</subfield><subfield code="z">Erie County.</subfield><subfield code="2">fast</subfield><subfield code="0">(OCoLC)fst01202692</subfield></datafield><datafield ind1=" " ind2=" " tag="752"><subfield code="a">United States</subfield><subfield code="b">New York</subfield><subfield code="c">Erie</subfield><subfield code="d">Buffalo.</subfield></datafield><datafield ind1="0" ind2=" " tag="775"><subfield code="t">Buffalo weekly courier (Buffalo, N.Y.)</subfield><subfield code="w">(DLC)sn 83030941</subfield><subfield code="w">(OCoLC)9719405</subfield></datafield><datafield ind1="0" ind2="0" tag="780"><subfield code="t">Buffalo daily courier</subfield><subfield code="w">(DLC)sn 83030930</subfield><subfield code="w">(OCoLC)9715009</subfield></datafield><datafield ind1="0" ind2="5" tag="780"><subfield code="t">Buffalo record</subfield><subfield code="w">(DLC)sn 84035784</subfield><subfield code="w">(OCoLC)11250379</subfield></datafield><datafield ind1="0" ind2="7" tag="785"><subfield code="t">Buffalo morning express (Buffalo, N.Y. : 1878)</subfield><subfield code="w">(DLC)sn 85042195</subfield><subfield code="w">(OCoLC)11890854</subfield></datafield><datafield ind1="0" ind2="7" tag="785"><subfield code="t">Buffalo courier and Buffalo morning express</subfield><subfield code="w">(DLC)sn 88075663</subfield><subfield code="w">(OCoLC)17624186</subfield></datafield></record>